@masterthesis{Uradnik2024,
	author = {Filip Úradník},
	title = {Balancování prostorové složitosti a nejednoznačnosti superaditivních
	         set funkcí},
	address = {Praha},
	year = {2024},
	school = {Univerzita Karlova, Matematicko-fyzikální fakulta, Katedra
	          aplikované matematiky},
	type = {bakalářská práce},
}
