@masterthesis{Uradnik2024,
	author = {Filip Úradník},
	title = {{Balancing} {Space} {Complexity} and {Ambiguity} in {Superadditive} {
	         Set} {Functions}},
	address = {Prague},
	year = {2024},
	school = {Charles University, MFF, Department of Applied Mathematics},
	type = {bachelor thesis},
}
